<record><leader>00000cas a22000007a 4500</leader><controlfield tag="001">9455254</controlfield><controlfield tag="008">830427d18961896ksuwr ne      0    0eng d</controlfield><controlfield tag="009">3789</controlfield><datafield ind1=" " ind2=" " tag="010"><subfield code="a">sn 83040131 </subfield></datafield><datafield ind1=" " ind2=" " tag="040"><subfield code="a">KSH</subfield><subfield code="b">eng</subfield><subfield code="c">KSH</subfield><subfield code="d">NPT</subfield></datafield><datafield ind1="1" ind2=" " tag="029"><subfield code="a">AU@</subfield><subfield code="b">000025790099</subfield></datafield><datafield ind1=" " ind2=" " tag="042"><subfield code="a">msc</subfield></datafield><datafield ind1=" " ind2=" " tag="043"><subfield code="a">n-us-ks</subfield></datafield><datafield ind1="0" ind2="4" tag="245"><subfield code="a">The Arrington times.</subfield></datafield><datafield ind1=" " ind2=" " tag="260"><subfield code="a">Arrington, Kan. :</subfield><subfield code="b">W.A. Huff,</subfield><subfield code="c">1896.</subfield></datafield><datafield ind1=" " ind2=" " tag="300"><subfield code="a">1 v. :</subfield><subfield code="b">ill. ;</subfield><subfield code="c">55 cm.</subfield></datafield><datafield ind1=" " ind2=" " tag="310"><subfield code="a">Weekly</subfield></datafield><datafield ind1="0" ind2=" " tag="362"><subfield code="a">No. 1 (May 28, 1896)-v. 1, no. 14 (Aug. 27, 1896)</subfield></datafield><datafield ind1=" " ind2=" " tag="500"><subfield code="a">"Independent."</subfield></datafield><datafield ind1=" " ind2=" " tag="500"><subfield code="a">Editor: W.A. Huff.</subfield></datafield><datafield ind1="1" ind2=" " tag="700"><subfield code="a">Huff, W. A.</subfield></datafield><datafield ind1=" " ind2=" " tag="752"><subfield code="a">United States</subfield><subfield code="b">Kansas</subfield><subfield code="c">Atchison</subfield><subfield code="d">Arrington.</subfield></datafield><datafield ind1="0" ind2="0" tag="785"><subfield code="t">Atchison County times</subfield><subfield code="w">(DLC)sn 83040132</subfield></datafield></record>